% Encoding: UTF-8

@misc{CFITeam2023,
  author = {{CFI Team}},
  title = {Financial Ratios - Complete List and Guide to All Financial Ratios},
  year = {2023},
  howpublished = {\url{https://corporatefinanceinstitute.com/resources/accounting/financial-ratios/}},
  note = {Accessed: 2023-11-28},
  publisher = {CFI Education Inc.}
}


@book{graham1934intelligent,
title={The intelligent investor: The definitive book on value investing},
author={Graham, Benjamin},
publisher={HarperCollins},
year={1934}
}

@article{ramakrishnandatabse,
  author = {K. R. Ramakrishnan and Johannes Gehrke},
  title = {Database Management Systems},
  journal = {ACM Computing Surveys},
  volume = 39,
  issue = 4,
  year = {2007},
  pages = {16}
}

@article{vignesh2018applying,
  title={Applying machine learning models in stock market prediction},
  author={Vignesh, CK},
  journal={IRJET, Journal},
  year={2018}
}

@article{ren2018forecasting,
  title={Forecasting stock market movement direction using sentiment analysis and support vector machine},
  author={Ren, Rui and Wu, Desheng Dash and Liu, Tianxiang},
  journal={IEEE Systems Journal},
  volume={13},
  number={1},
  pages={760--770},
  year={2018},
  publisher={IEEE}
}

@article{zhong2019predicting,
  title={Predicting the daily return direction of the stock market using hybrid machine learning algorithms},
  author={Zhong, Xiao and Enke, David},
  journal={Financial Innovation},
  volume={5},
  number={1},
  pages={1--20},
  year={2019},
  publisher={Springer}
}

@article{batra2018integrating,
  title={Integrating StockTwits with sentiment analysis for better prediction of stock price movement},
  author={Batra, Rakhi and Daudpota, Sher Muhammad},
  booktitle={2018 international conference on computing, mathematics and engineering technologies (ICoMET)},
  pages={1--5},
  year={2018},
  organization={IEEE}
}

@article{geva2014empirical,
  title={Empirical evaluation of an automated intraday stock recommendation system incorporating both market data and textual news},
  author={Geva, Tomer and Zahavi, Jacob},
  journal={Decision support systems},
  volume={57},
  pages={212--223},
  year={2014},
  publisher={Elsevier}
}

@article{smailovic2013predictive,
  title={Predictive sentiment analysis of tweets: A stock market application},
  author={Smailovi{\'c}, Jasmina and Gr{\v{c}}ar, Miha and Lavra{\v{c}}, Nada and {\v{Z}}nidar{\v{s}}i{\v{c}}, Martin},
  booktitle={Human-Computer Interaction and Knowledge Discovery in Complex, Unstructured, Big Data: Third International Workshop, HCI-KDD 2013, Held at SouthCHI 2013, Maribor, Slovenia, July 1-3, 2013. Proceedings},
  pages={77--88},
  year={2013},
  organization={Springer}
}

@article{Mittal2011StockPU,
  title={Stock Prediction Using Twitter Sentiment Analysis},
  author={Anshul Mittal},
  year={2011},
  url={https://api.semanticscholar.org/CorpusID:9097723}
}

@article{schumaker2009textual,
  title={Textual analysis of stock market prediction using breaking financial news: The AZFin text system},
  author={Schumaker, Robert P and Chen, Hsinchun},
  journal={ACM Transactions on Information Systems (TOIS)},
  volume={27},
  number={2},
  pages={1--19},
  year={2009},
  publisher={ACM New York, NY, USA}
}

@article{mittermayer2004,
  author={Mittermayer, M.-A.},
  booktitle={37th Annual Hawaii International Conference on System Sciences, 2004. Proceedings of the}, 
  title={Forecasting Intraday stock price trends with text mining techniques}, 
  year={2004},
  volume={},
  number={},
  pages={10 pp.-},
  doi={10.1109/HICSS.2004.1265201}
}

@article{Jihan2023,
AUTHOR = {Kim, Jihwan and Kim, Hui-Sang and Choi, Sun-Yong},
TITLE = {Forecasting the S and P 500 Index Using Mathematical-Based Sentiment Analysis and Deep Learning Models: A FinBERT Transformer Model and LSTM},
JOURNAL = {Axioms},
VOLUME = {12},
YEAR = {2023},
NUMBER = {9},
ARTICLE-NUMBER = {835},
URL = {https://www.mdpi.com/2075-1680/12/9/835},
ISSN = {2075-1680},
}

@book{burkov2019hundred,
  title={The Hundred-Page Machine Learning Book},
  author={Burkov, A.},
  isbn={9781999579517},
  url={https://books.google.de/books?id=0jbxwQEACAAJ},
  year={2019},
  publisher={Andriy Burkov}
}

@article{ferreira2021artificial,
  title={Artificial intelligence applied to stock market trading: a review},
  author={Ferreira, Fernando GDC and Gandomi, Amir H and Cardoso, Rodrigo TN},
  journal={IEEE Access},
  volume={9},
  pages={30898--30917},
  year={2021},
  publisher={IEEE}
}

"@misc{araci2019finbert,
      title={FinBERT: Financial Sentiment Analysis with Pre-trained Language Models}, 
      author={Dogu Araci},
      year={2019},
      eprint={1908.10063},
      archivePrefix={arXiv},
      primaryClass={cs.CL}
}"
@misc{bigdatainsiderDataNoSQL,
	author = {Nico Litzel},
	title = {{B}ig {D}ata, {S}{Q}{L} und {N}o{S}{Q}{L} – eine kurze Übersicht --- bigdata-insider.de},
	howpublished = {\url{https://www.bigdata-insider.de/big-data-sql-und-nosql-eine-kurze-uebersicht-a-602249/}},
	year = {},
	note = {[Accessed 07-12-2023]},
}

