@book{raschkaMachineLearningPyTorch2022,
  title = {Machine Learning with {{PyTorch}} and {{Scikit-Learn}}: Develop Machine Learning and Deep Learning Models with {{Python}}},
  shorttitle = {Machine Learning with {{PyTorch}} and {{Scikit-Learn}}},
  author = {Raschka, Sebastian and Liu, Yuxi and Mirjalili, Vahid and Dzhulgakov, Dmytro},
  date = {2022},
  series = {Expert Insight},
  publisher = {Packt},
  location = {Birmingham Mumbai},
  isbn = {978-1-80181-931-2},
  langid = {english},
  pagetotal = {741},
}
@book{burkov2019hundred,
  title={The Hundred-Page Machine Learning Book},
  author={Burkov, A.},
  isbn={9781999579517},
  year={2019},
  publisher={Andriy Burkov}
}
@misc{Hemashreekilari,
  author       = {Hemashreekilari},
  howpublished = {Online publishing over Medium},
  title        = {Understanding Gradient Boosting},
  year         = {2023},
  url          = {https://medium.com/@hemashreekilari9/understanding-gradient-boosting-632939b98764},
}
@conference{Songfeng2020,
  author          = {Songfeng Zeng},
  title           = {Math 541: Statistical Theory II Methods of Evaluating Estimators},
  year            = {2020},
  url             = {http://people.missouristate.edu/songfengzheng/teaching/mth541/lecture%20notes/evaluation.pdf}
}
@misc{Optuna2024,
  author       = {Shuhei Watanabe},
  howpublished = {GitHub Repository},
  title        = {Optuna},
  year         = {2024},
  url          = {https://github.com/optuna/optuna},
}
@article{randomizedsearchcv2024,
  author          = {Scikit-learn},
  title           = {3.2.Tuning the hyper-parameters of an estimator},
  year            = {2024},
  url             = {https://scikit-learn.org/stable/modules/grid_search.html}
}